@Book {author:06,
 title = {Some publication title},
 author = {First Author and Second Author},
 publisher = {出版社名},
 year = {2019},
 }
 
 @Article {conference:06,
 author = {著者名},
 title = {Proceedings of the Xth Conference on XYZ},
 journal={論文誌名},
 year = {2006},
 }